% Encoding: UTF-8

@Article{Berthold2013,
  author    = {Timo Berthold},
  title     = {Measuring the impact of primal heuristics},
  journal   = {Operations Research Letters},
  year      = {2013},
  volume    = {41},
  number    = {6},
  pages     = {611--614},
  month     = {nov},
  doi       = {10.1016/j.orl.2013.08.007},
  publisher = {Elsevier {BV}},
}

@MastersThesis{berthold2006,
  author = {Berthold, Timo},
  title  = {Primal heuristics for mixed integer programs},
  school = {Fachbereich Mathematik der Technischen Universität Berlin},
  year   = {2006},
}

@Article{Wallace2009,
  author    = {Chris Wallace},
  title     = {{ZI} round, a {MIP} rounding heuristic},
  journal   = {Journal of Heuristics},
  year      = {2009},
  volume    = {16},
  number    = {5},
  pages     = {715--722},
  month     = {oct},
  doi       = {10.1007/s10732-009-9114-6},
  publisher = {Springer Nature},
}

@InCollection{Achterberg2012,
  author    = {Tobias Achterberg and Timo Berthold and Gregor Hendel},
  title     = {Rounding and Propagation Heuristics for Mixed Integer Programming},
  booktitle = {Operations Research Proceedings},
  publisher = {Springer Berlin Heidelberg},
  year      = {2012},
  pages     = {71--76},
  doi       = {10.1007/978-3-642-29210-1_12},
}

@InCollection{Gamrath2015,
  author    = {Gerald Gamrath and Timo Berthold and Stefan Heinz and Michael Winkler},
  title     = {Structure-Based Primal Heuristics for Mixed Integer Programming},
  booktitle = {Optimization in the Real World},
  publisher = {Springer Japan},
  year      = {2015},
  pages     = {37--53},
  month     = {sep},
  doi       = {10.1007/978-4-431-55420-2_3},
}

@Article{DAndreagiovanni2015,
  author    = {Fabio D'Andreagiovanni and Jonatan Krolikowski and Jonad Pulaj},
  title     = {A fast hybrid primal heuristic for multiband robust capacitated network design with multiple time periods},
  journal   = {Applied Soft Computing},
  year      = {2015},
  volume    = {26},
  pages     = {497--507},
  month     = {jan},
  doi       = {10.1016/j.asoc.2014.10.016},
  publisher = {Elsevier {BV}},
}

@Article{Humpola2014,
  author    = {Jesco Humpola and Armin Fügenschuh and Thomas Lehmann},
  title     = {A primal heuristic for optimizing the topology of gas networks based on dual information},
  journal   = {{EURO} Journal on Computational Optimization},
  year      = {2014},
  volume    = {3},
  number    = {1},
  pages     = {53--78},
  month     = {aug},
  doi       = {10.1007/s13675-014-0029-0},
  publisher = {Springer Nature},
}

@TechReport{clautiaux:hal-01656179,
  author      = {Clautiaux, Fran{\c c}ois and Sadykov, Ruslan and Vanderbeck, Fran{\c c}ois and Viaud, Quentin},
  title       = {{Pattern based diving heuristics for a two-dimensional guillotine cutting-stock problem with leftovers}},
  institution = {{Universit{\'e} de Bordeaux}},
  year        = {2017},
  type        = {Research Report},
  month       = Dec,
  file        = {article.pdf:https\://hal.archives-ouvertes.fr/hal-01656179/file/article.pdf:PDF},
  hal_id      = {hal-01656179},
  hal_version = {v1},
  keywords    = {Cutting and Packing ; Dynamic Programming ; Diving Heuristic},
  pages       = {1-30},
  url         = {https://hal.archives-ouvertes.fr/hal-01656179},
}

@Misc{Hendel2011,
  author      = {Gregor Hendel},
  title       = {New Rounding and Propagation Heuristics for Mixed Integer Programming},
  year        = {2011},
  institution = {Mathematical Optimization},
  pages       = {95},
}

@InCollection{Bertholda,
  author    = {Timo Berthold},
  title     = {Heuristics of the Branch-Cut-and-Price-Framework SCIP},
  booktitle = {Operations Research Proceedings},
  publisher = {Springer Berlin Heidelberg},
  year      = {2007},
  pages     = {31--36},
  doi       = {10.1007/978-3-540-77903-2_5},
}

@Article{fischetti2010heuristics,
  author    = {Fischetti, Matteo and Lodi, Andrea},
  title     = {Heuristics in mixed integer programming},
  journal   = {Wiley Encyclopedia of Operations Research and Management Science},
  year      = {2010},
  publisher = {Wiley Online Library},
}

@Article{sadykov:hal-01237204,
  author      = {Sadykov, Ruslan and Vanderbeck, Fran{\c c}ois and Pessoa, Artur and Tahiri, Issam and Uchoa, Eduardo},
  title       = {{Primal Heuristics for Branch-and-Price: the assets of diving methods}},
  journal     = {{INFORMS Journal on Computing}},
  year        = {2018},
  month       = Jan,
  file        = {phcgWorkPap.pdf:https\://hal.inria.fr/hal-01237204/file/phcgWorkPap.pdf:PDF},
  hal_id      = {hal-01237204},
  hal_version = {v3},
  keywords    = {Branch-and-Price ; Cutting Stock ; Column Generation ; Mathheuristics ; Primal Heuristics ; Rounding Heuristics ; Diving Heuristics ; Vertex Coloring ; Generalized Assignment},
  publisher   = {{Institute for Operations Research and the Management Sciences (INFORMS)}},
  url         = {https://hal.inria.fr/hal-01237204},
}

@Article{Hanafi2017,
  author    = {Saïd Hanafi and Raca Todosijevi{\'{c}}},
  title     = {Mathematical programming based heuristics for the 0{\textendash}1 {MIP}: a survey},
  journal   = {Journal of Heuristics},
  year      = {2017},
  volume    = {23},
  number    = {4},
  pages     = {165--206},
  month     = {may},
  doi       = {10.1007/s10732-017-9336-y},
  publisher = {Springer Nature},
}

@Article{Andrade2017,
  author    = {Carlos E. Andrade and Shabbir Ahmed and George L. Nemhauser and Yufen Shao},
  title     = {A hybrid primal heuristic for finding feasible solutions to mixed integer programs},
  journal   = {European Journal of Operational Research},
  year      = {2017},
  volume    = {263},
  number    = {1},
  pages     = {62--71},
  month     = {nov},
  doi       = {10.1016/j.ejor.2017.05.003},
  publisher = {Elsevier {BV}},
}

@InProceedings{Khalil:2016:LBM:3015812.3015920,
  author    = {Khalil, Elias B. and Bodic, Pierre Le and Song, Le and Nemhauser, George and Dilkina, Bistra},
  title     = {Learning to Branch in Mixed Integer Programming},
  booktitle = {Proceedings of the Thirtieth AAAI Conference on Artificial Intelligence},
  year      = {2016},
  series    = {AAAI'16},
  pages     = {724--731},
  publisher = {AAAI Press},
  acmid     = {3015920},
  location  = {Phoenix, Arizona},
  numpages  = {8},
  url       = {http://dl.acm.org/citation.cfm?id=3015812.3015920},
}

@InProceedings{Khalil2017,
  author    = {Elias B. Khalil and Bistra Dilkina and George L. Nemhauser and Shabbir Ahmed and Yufen Shao},
  title     = {Learning to Run Heuristics in Tree Search},
  booktitle = {Proceedings of the Twenty-Sixth International Joint Conference on Artificial Intelligence},
  year      = {2017},
  month     = {aug},
  publisher = {International Joint Conferences on Artificial Intelligence Organization},
  doi       = {10.24963/ijcai.2017/92},
}

@Article{Joncour2010,
  author    = {C. Joncour and S. Michel and R. Sadykov and D. Sverdlov and F. Vanderbeck},
  title     = {Column Generation based Primal Heuristics},
  journal   = {Electronic Notes in Discrete Mathematics},
  year      = {2010},
  volume    = {36},
  pages     = {695--702},
  month     = {aug},
  doi       = {10.1016/j.endm.2010.05.088},
  publisher = {Elsevier {BV}},
}

@Article{Fischetti2005,
  author    = {Matteo Fischetti and Fred Glover and Andrea Lodi},
  title     = {The feasibility pump},
  journal   = {Mathematical Programming},
  year      = {2005},
  volume    = {104},
  number    = {1},
  pages     = {91--104},
  month     = {mar},
  doi       = {10.1007/s10107-004-0570-3},
  publisher = {Springer Nature},
}

@Article{Achterberg2007,
  author    = {Tobias Achterberg and Timo Berthold},
  title     = {Improving the feasibility pump},
  journal   = {Discrete Optimization},
  year      = {2007},
  volume    = {4},
  number    = {1},
  pages     = {77--86},
  month     = {mar},
  doi       = {10.1016/j.disopt.2006.10.004},
  publisher = {Elsevier {BV}},
}

@Article{Berthold2018,
  author    = {Timo Berthold},
  title     = {A computational study of primal heuristics inside an {MI}({NL})P solver},
  journal   = {Journal of Global Optimization},
  year      = {2018},
  volume    = {70},
  number    = {1},
  pages     = {189--206},
  month     = {jan},
  doi       = {10.1007/s10898-017-0600-3},
  publisher = {Springer Nature},
}

@InCollection{Lee2001,
  author    = {Eva K. Lee and John E. Mitchell},
  title     = {Integer Programming: Branch and Bound Methods},
  booktitle = {Encyclopedia of Optimization},
  publisher = {Springer {US}},
  year      = {2001},
  pages     = {1049--1059},
  doi       = {10.1007/0-306-48332-7_214},
}

@Article{gomory1958,
  author    = {Gomory, Ralph E.},
  title     = {Outline of an algorithm for integer solutions to linear programs},
  journal   = {Bull. Amer. Math. Soc.},
  year      = {1958},
  volume    = {64},
  number    = {5},
  pages     = {275--278},
  month     = {09},
  fjournal  = {Bulletin of the American Mathematical Society},
  publisher = {American Mathematical Society},
  url       = {https://projecteuclid.org:443/euclid.bams/1183522679},
}

@Article{Balas1980,
  author    = {Egon Balas and Clarence H. Martin},
  title     = {Pivot and Complement{\textendash}A Heuristic for 0-1 Programming},
  journal   = {Management Science},
  year      = {1980},
  volume    = {26},
  number    = {1},
  pages     = {86--96},
  month     = {jan},
  doi       = {10.1287/mnsc.26.1.86},
  publisher = {Institute for Operations Research and the Management Sciences ({INFORMS})},
}

@Article{martin1999integer,
  author  = {Martin, Alexander},
  title   = {Integer programs with block structure},
  journal = {Habilitations-Schrift, Technische Universität Berlin},
  year    = {1999},
}

@Book{berthold2014heuristic,
  title     = {Heuristic algorithms in global MINLP solvers},
  publisher = {Verlag Dr. Hut},
  year      = {2014},
  author    = {Berthold, Timo},
}

@Article{fischetti2003local,
  author    = {Fischetti, Matteo and Lodi, Andrea},
  title     = {Local branching},
  journal   = {Mathematical programming},
  year      = {2003},
  volume    = {98},
  number    = {1-3},
  pages     = {23--47},
  publisher = {Springer},
}

@Article{Dantzig1959,
  author    = {G. B. Dantzig and J. H. Ramser},
  title     = {The Truck Dispatching Problem},
  journal   = {Management Science},
  year      = {1959},
  volume    = {6},
  number    = {1},
  pages     = {80--91},
  month     = {oct},
  doi       = {10.1287/mnsc.6.1.80},
  publisher = {Institute for Operations Research and the Management Sciences ({INFORMS})},
}

@Article{bertacco2007feasibility,
  author    = {Bertacco, Livio and Fischetti, Matteo and Lodi, Andrea},
  title     = {A feasibility pump heuristic for general mixed-integer problems},
  journal   = {Discrete Optimization},
  year      = {2007},
  volume    = {4},
  number    = {1},
  pages     = {63--76},
  publisher = {Elsevier},
}

@Misc{Achterberg2007a,
  author    = {Achterberg, Tobias},
  title     = {Constraint Integer Programming},
  year      = {2007},
  doi       = {10.14279/depositonce-1634},
  keywords  = {510 Mathematik, Chip-Verifikation, Constraint Programmierung, Ganzzahlige Programmierung, Mathematische Programmierung, SAT, Chip Verification, Constraint Programming, Integer Programming, Mathematical Programming, SAT},
  publisher = {Technische Universität Berlin},
}

@Article{Berthold2014,
  author    = {Timo Berthold and Gregor Hendel},
  title     = {Shift-and-Propagate},
  journal   = {Journal of Heuristics},
  year      = {2014},
  volume    = {21},
  number    = {1},
  pages     = {73--106},
  month     = {dec},
  doi       = {10.1007/s10732-014-9271-0},
  publisher = {Springer Nature},
}

@InCollection{Puchinger2005,
  author    = {Jakob Puchinger and Günther R. Raidl},
  title     = {Combining Metaheuristics and Exact Algorithms in Combinatorial Optimization: A Survey and Classification},
  booktitle = {Artificial Intelligence and Knowledge Engineering Applications: A Bioinspired Approach},
  publisher = {Springer Berlin Heidelberg},
  year      = {2005},
  pages     = {41--53},
  doi       = {10.1007/11499305_5},
}

@Article{Land1960,
  author    = {A. H. Land and A. G. Doig},
  title     = {An Automatic Method of Solving Discrete Programming Problems},
  journal   = {Econometrica},
  year      = {1960},
  volume    = {28},
  number    = {3},
  pages     = {497},
  month     = {jul},
  doi       = {10.2307/1910129},
  publisher = {{JSTOR}},
}

@Article{Clausen1999,
  author    = {J. Clausen and M. Perregaard},
  title     = {On the best search strategy in parallel branch-and-bound:Best-First Search versus Lazy Depth-First Search},
  journal   = {Annals of Operations Research},
  year      = {1999},
  volume    = {90},
  pages     = {1--17},
  doi       = {10.1023/a:1018952429396},
  publisher = {Springer Nature},
}

@InCollection{Leea,
  author    = {Eva K. Lee and John E. Mitchell},
  title     = {Integer Programming: Branch and Bound Methods},
  booktitle = {Encyclopedia of Optimization},
  publisher = {Springer {US}},
  pages     = {1634--1643},
  doi       = {10.1007/978-0-387-74759-0_286},
}

@Article{MORRISON201679,
  author   = {David R. Morrison and Sheldon H. Jacobson and Jason J. Sauppe and Edward C. Sewell},
  title    = {Branch-and-bound algorithms: A survey of recent advances in searching, branching, and pruning},
  journal  = {Discrete Optimization},
  year     = {2016},
  volume   = {19},
  pages    = {79 - 102},
  issn     = {1572-5286},
  doi      = {https://doi.org/10.1016/j.disopt.2016.01.005},
  keywords = {Branch-and-bound, Discrete optimization, Integer programming, Search strategies, Cyclic best first search, Survey},
  url      = {http://www.sciencedirect.com/science/article/pii/S1572528616000062},
}

@Misc{Clausen99branchand,
  author = {Jens Clausen},
  title  = {Branch and Bound Algorithms -- Principles And Examples},
  year   = {1999},
}

@Article{Morrison2014,
  author    = {David R. Morrison and Edward C. Sewell and Sheldon H. Jacobson},
  title     = {An application of the branch, bound, and remember algorithm to a new simple assembly line balancing dataset},
  journal   = {European Journal of Operational Research},
  year      = {2014},
  volume    = {236},
  number    = {2},
  pages     = {403--409},
  month     = {jul},
  doi       = {10.1016/j.ejor.2013.11.033},
  publisher = {Elsevier {BV}},
}

@Article{Ibaraki1976,
author="Ibaraki, Toshihide",
title="Theoretical comparisons of search strategies in branch-and-bound algorithms",
journal="International Journal of Computer {\&} Information Sciences",
year="1976",
month="Dec",
day="01",
volume="5",
number="4",
pages="315--344",
abstract="Four known search strategies used in branch-and-bound algorithms-heuristic search, depth-first search, best-bound search, and breadth-first search-are theoretically compared from the viewpoint of the performance of the resulting algorithms. Heuristic search includes the other three as special cases. Since heuristic search is determined by a heuristic functionh, we first investigate how the performance of the resulting algorithms depends onh. In particular, we show that heuristic search is stable in the sense that a slight change inh causes only a slight change in its performance. The ``best'' and the ``worst'' heurstic functions are clarified, and also discussed is how the heuristic functionh should be modified to obtain a branch-and-bound algorithm with an improved performance. Finally, properties and limitations of depth-first search, best-bound search, and breadth-first search viewed as special cases of heuristic search are considered. In particular, it is shown that the stability observed for heuristic search no longer holds for depth-first search.",
issn="1573-7640",
doi="10.1007/BF00998631",
url="https://doi.org/10.1007/BF00998631"
}
@book{Chinneck2004,
author = {W Chinneck, J},
year = {2004},
month = {01},
pages = {},
title = {Practical Optimization: A Gentle Introduction}
}

@article{korf1985depth,
  title={Depth-first iterative-deepening: An optimal admissible tree search},
  author={Korf, Richard E},
  journal={Artificial intelligence},
  volume={27},
  number={1},
  pages={97--109},
  year={1985},
  publisher={Elsevier}
}

@article{scholl1999balancing,
  title={Balancing assembly lines effectively--a computational comparison},
  author={Scholl, Armin and Klein, Robert},
  journal={European Journal of Operational Research},
  volume={114},
  number={1},
  pages={50--58},
  year={1999},
  publisher={Elsevier}
}

@article{boyd2003notes,
  title={Notes for EE392o Stanford University Autumn},
  author={Boyd, S and Xiao, L and Mutapcic, A},
  journal={Subgradient Methods},
  volume={2004},
  year={2003}
}

@article{morrison2014wide,
  title={A wide branching strategy for the graph coloring problem},
  author={Morrison, David R and Sauppe, Jason J and Sewell, Edward C and Jacobson, Sheldon H},
  journal={INFORMS Journal on Computing},
  volume={26},
  number={4},
  pages={704--717},
  year={2014},
  publisher={INFORMS}
}

@inproceedings{khalil2016learning,
  title={Learning to branch in mixed integer programming},
  author={Khalil, Elias Boutros and Le Bodic, Pierre and Song, Le and Nemhauser, George and Dilkina, Bistra},
  booktitle={Thirtieth AAAI Conference on Artificial Intelligence},
  year={2016}
}

@article{desrochers1992new,
  title={A new optimization algorithm for the vehicle routing problem with time windows},
  author={Desrochers, Martin and Desrosiers, Jacques and Solomon, Marius},
  journal={Operations research},
  volume={40},
  number={2},
  pages={342--354},
  year={1992},
  publisher={INFORMS}
}

@article{fisher1981lagrangian,
  title={The Lagrangian relaxation method for solving integer programming problems},
  author={Fisher, Marshall L},
  journal={Management science},
  volume={27},
  number={1},
  pages={1--18},
  year={1981},
  publisher={INFORMS}
}

@article{Kohler1974,
 author = {Kohler, Walter H. and Steiglitz, Kenneth},
 title = {Characterization and Theoretical Comparison of Branch-and-Bound Algorithms for Permutation Problems},
 journal = {J. ACM},
 issue_date = {Jan. 1974},
 volume = {21},
 number = {1},
 month = jan,
 year = {1974},
 issn = {0004-5411},
 pages = {140--156},
 numpages = {17},
 url = {http://doi.acm.org/10.1145/321796.321808},
 doi = {10.1145/321796.321808},
 acmid = {321808},
 publisher = {ACM},
 address = {New York, NY, USA},
} 

@article{fischetti2010pruning,
  title={Pruning moves},
  author={Fischetti, Matteo and Salvagnin, Domenico},
  journal={INFORMS Journal on Computing},
  volume={22},
  number={1},
  pages={108--119},
  year={2010},
  publisher={INFORMS}
}

@incollection{martello1987algorithms,
  title={Algorithms for knapsack problems},
  author={Martello, Silvano and Toth, Paolo},
  booktitle={North-Holland Mathematics Studies},
  volume={132},
  pages={213--257},
  year={1987},
  publisher={Elsevier}
}

@article{horowitz1974computing,
  title={Computing partitions with applications to the knapsack problem},
  author={Horowitz, Ellis and Sahni, Sartaj},
  journal={Journal of the ACM (JACM)},
  volume={21},
  number={2},
  pages={277--292},
  year={1974},
  publisher={ACM}
}

@article{kolen1987vehicle,
  title={Vehicle routing with time windows},
  author={Kolen, Antoon WJ and Rinnooy Kan, AHG and Trienekens, Harry WJM},
  journal={Operations Research},
  volume={35},
  number={2},
  pages={266--273},
  year={1987},
  publisher={INFORMS}
}

@incollection{toth2002branch,
  title={Branch-and-bound algorithms for the capacitated VRP},
  author={Toth, Paolo and Vigo, Daniele},
  booktitle={The vehicle routing problem},
  pages={29--51},
  year={2002},
  publisher={SIAM}
}

@article{Lawler1966BranchandBoundMA,
  title={Branch-and-Bound Methods: A Survey},
  author={E. L. Lawler and D. E. Wood},
  journal={Operations Research},
  year={1966},
  volume={14},
  pages={699-719}
}

@phdthesis{eastman1958linear,
  title={Linear programming with pattern constraints: a thesis},
  author={Eastman, Willard Lawrence},
  year={1958},
  school={Harvard University}
}

@article{little1963algorithm,
  title={An algorithm for the traveling salesman problem},
  author={Little, John DC and Murty, Katta G and Sweeney, Dura W and Karel, Caroline},
  journal={Operations research},
  volume={11},
  number={6},
  pages={972--989},
  year={1963},
  publisher={INFORMS}
}

@techreport{balas1983branch,
  title={Branch and bound methods for the traveling salesman problem},
  author={Balas, Egon and Toth, Paolo},
  year={1983},
  institution={CARNEGIE-MELLON UNIV PITTSBURGH PA MANAGEMENT SCIENCES RESEARCH GROUP}
}

@article{mitchell2009integer,
  title={Integer programming: Cutting plane algorithms},
  author={Mitchell, John E},
  journal={Encyclopedia of Optimization},
  pages={1650--1657},
  year={2009},
  publisher={Springer}
}

@article{gomory1958outline,
  title={Outline of an algorithm for integer solutions to linear programs},
  author={Gomory, Ralph E and others},
  journal={Bulletin of the American Mathematical society},
  volume={64},
  number={5},
  pages={275--278},
  year={1958}
}

@article{fukuda2000,
author = {Fukuda, Komei},
year = {2000},
month = {11},
pages = {},
title = {Frequently Asked Questions in Polyhedral Computation}
}

@article{CHVATAL1973305,
title = "Edmonds polytopes and a hierarchy of combinatorial problems",
journal = "Discrete Mathematics",
volume = "4",
number = "4",
pages = "305 - 337",
year = "1973",
issn = "0012-365X",
doi = "https://doi.org/10.1016/0012-365X(73)90167-2",
url = "http://www.sciencedirect.com/science/article/pii/0012365X73901672",
author = "V. Chvátal"
}

@article{HERNANDEZPEREZ2004126,
title = "A branch-and-cut algorithm for a traveling salesman problem with pickup and delivery",
journal = "Discrete Applied Mathematics",
volume = "145",
number = "1",
pages = "126 - 139",
year = "2004",
note = "Graph Optimization IV",
issn = "0166-218X",
doi = "https://doi.org/10.1016/j.dam.2003.09.013",
url = "http://www.sciencedirect.com/science/article/pii/S0166218X0400071X",
author = "Hipólito Hernández-Pérez and Juan-José Salazar-González",
keywords = "Traveling salesman problem, Pickup and delivery, Benders’ cuts, Branch and cut"
}

@Article{Balas1993,
author="Balas, Egon
and Ceria, Sebasti{\'a}n
and Cornu{\'e}jols, G{\'e}rard",
title="A lift-and-project cutting plane algorithm for mixed 0--1 programs",
journal="Mathematical Programming",
year="1993",
month="Jan",
day="01",
volume="58",
number="1",
pages="295--324",
doi="10.1007/BF01581273",
url="https://doi.org/10.1007/BF01581273"
}

@article{BALAS19983,
title = "Disjunctive programming: Properties of the convex hull of feasible points",
journal = "Discrete Applied Mathematics",
volume = "89",
number = "1",
pages = "3 - 44",
year = "1998",
issn = "0166-218X",
doi = "https://doi.org/10.1016/S0166-218X(98)00136-X",
url = "http://www.sciencedirect.com/science/article/pii/S0166218X9800136X",
author = "Egon Balas",
keywords = "Lift-and-project, Sequential convexification, Facial disjunctive programs, Reverse polars"
}

@article{grotschel1991solution,
  title={Solution of large-scale symmetric travelling salesman problems},
  author={Gr{\"o}tschel, Martin and Holland, Olaf},
  journal={Mathematical Programming},
  volume={51},
  number={1-3},
  pages={141--202},
  year={1991},
  publisher={Springer}
}

@article{miliotis1978using,
  title={Using cutting planes to solve the symmetric travelling salesman problem},
  author={Miliotis, P},
  journal={Mathematical programming},
  volume={15},
  number={1},
  pages={177--188},
  year={1978},
  publisher={Springer}
}

@techreport{cook1999parallel,
  title={A parallel cutting-plane algorithm for the vehicle routing problem with time windows},
  author={Cook, William and Rich, Jennifer L},
  year={1999}
}

@article{mitchellbranch,
  title={Branch-and-Cut Algorithms for Combinatorial Optimization Problems1},
  author={Mitchell, John E}
}

@article{manual1987ibm,
  title={IBM ILOG CPLEX Optimization Studio},
  author={Manual, CPLEX User’s},
  journal={Version},
  volume={12},
  pages={1987--2018},
  year={1987}
}

@article{bonami2012optimizing,
  title={On optimizing over lift-and-project closures},
  author={Bonami, Pierre},
  journal={Mathematical Programming Computation},
  volume={4},
  number={2},
  pages={151--179},
  year={2012},
  publisher={Springer}
}

@article{padberg1991branch,
  title={A branch-and-cut algorithm for the resolution of large-scale symmetric traveling salesman problems},
  author={Padberg, Manfred and Rinaldi, Giovanni},
  journal={SIAM review},
  volume={33},
  number={1},
  pages={60--100},
  year={1991},
  publisher={SIAM}
}

@article{bixby1998solving,
  title={Solving a truck dispatching scheduling problem using branch-and-cut},
  author={Bixby, Robert E and Lee, Eva K},
  journal={Operations Research},
  volume={46},
  number={3},
  pages={355--367},
  year={1998},
  publisher={INFORMS}
}

@article{hoffman1993solving,
  title={Solving airline crew scheduling problems by branch-and-cut},
  author={Hoffman, Karla L and Padberg, Manfred},
  journal={Management science},
  volume={39},
  number={6},
  pages={657--682},
  year={1993},
  publisher={INFORMS}
}

@article{bard2002,
author = {Bard, Jonathan and Kontoravdis, George and Yu, Gang},
year = {2002},
month = {05},
pages = {250-269},
title = {A Branch-and-Cut Procedure for the Vehicle Routing Problem with Time Windows},
volume = {36},
journal = {Transportation Science},
doi = {10.1287/trsc.36.2.250.565}
}

@article{nemhauser2012column,
  title={Column generation for linear and integer programming},
  author={Nemhauser, George L},
  journal={Optimization Stories},
  volume={20},
  pages={64},
  year={2012}
}

@article{fulkerson1971blocking,
  title={Blocking and anti-blocking pairs of polyhedra},
  author={Fulkerson, Delbert Ray},
  journal={Mathematical programming},
  volume={1},
  number={1},
  pages={168--194},
  year={1971},
  publisher={Springer}
}

@article{dantzig1960decomposition,
  title={Decomposition principle for linear programs},
  author={Dantzig, George B and Wolfe, Philip},
  journal={Operations research},
  volume={8},
  number={1},
  pages={101--111},
  year={1960},
  publisher={INFORMS}
}

@article{desrosiers2010branch,
  title={Branch-price-and-cut algorithms},
  author={Desrosiers, Jacques and L{\"u}bbecke, Marco E},
  journal={Wiley encyclopedia of operations research and management science},
  year={2010},
  publisher={Wiley Online Library}
}


@article{savelsbergh2001branch,
  title={Branch and Price: Integer Programming with Column Generation: BP},
  author={Savelsbergh, Martin WP},
  journal={Encyclopedia of Optimization},
  pages={218--221},
  year={2001},
  publisher={Springer}
}

@article{Mehrotra1996,
  doi = {10.1287/ijoc.8.4.344},
  url = {https://doi.org/10.1287/ijoc.8.4.344},
  year  = {1996},
  month = {nov},
  publisher = {Institute for Operations Research and the Management Sciences ({INFORMS})},
  volume = {8},
  number = {4},
  pages = {344--354},
  author = {Anuj Mehrotra and Michael A. Trick},
  title = {A Column Generation Approach for Graph Coloring},
  journal = {{INFORMS} Journal on Computing}
}

@article{Savelsbergh1997,
  doi = {10.1287/opre.45.6.831},
  url = {https://doi.org/10.1287/opre.45.6.831},
  year  = {1997},
  month = {dec},
  publisher = {Institute for Operations Research and the Management Sciences ({INFORMS})},
  volume = {45},
  number = {6},
  pages = {831--841},
  author = {Martin Savelsbergh},
  title = {A Branch-and-Price Algorithm for the Generalized Assignment Problem},
  journal = {Operations Research}
}

@article{desrosiers2010branch,
  title={Branch-price-and-cut algorithms},
  author={Desrosiers, Jacques and L{\"u}bbecke, Marco E},
  journal={Wiley encyclopedia of operations research and management science},
  year={2010},
  publisher={Wiley Online Library}
}

@article{vanderbeck2011branching,
  title={Branching in branch-and-price: a generic scheme},
  author={Vanderbeck, Fran{\c{c}}ois},
  journal={Mathematical Programming},
  volume={130},
  number={2},
  pages={249--294},
  year={2011},
  publisher={Springer}
}

@article{archetti2014survey,
  title={A survey on matheuristics for routing problems},
  author={Archetti, Claudia and Speranza, M Grazia},
  journal={EURO Journal on Computational Optimization},
  volume={2},
  number={4},
  pages={223--246},
  year={2014},
  publisher={Springer}
}

@article{dell2006branch,
  title={A branch-and-price approach to the vehicle routing problem with simultaneous distribution and collection},
  author={Dell’Amico, Mauro and Righini, Giovanni and Salani, Matteo},
  journal={Transportation science},
  volume={40},
  number={2},
  pages={235--247},
  year={2006},
  publisher={INFORMS}
}

@article{christiansen2007branch,
  title={A branch-and-price algorithm for the capacitated vehicle routing problem with stochastic demands},
  author={Christiansen, Christian H and Lysgaard, Jens},
  journal={Operations Research Letters},
  volume={35},
  number={6},
  pages={773--781},
  year={2007},
  publisher={Elsevier}
}

@article{feillet2010tutorial,
  title={A tutorial on column generation and branch-and-price for vehicle routing problems},
  author={Feillet, Dominique},
  journal={4or},
  volume={8},
  number={4},
  pages={407--424},
  year={2010},
  publisher={Springer}
}

@article{salani2011branch,
  title={Branch and price for the vehicle routing problem with discrete split deliveries and time windows},
  author={Salani, Matteo and Vacca, Ilaria},
  journal={European Journal of Operational Research},
  volume={213},
  number={3},
  pages={470--477},
  year={2011},
  publisher={Elsevier}
}

@incollection{danna2005branch,
  title={Branch-and-price heuristics: A case study on the vehicle routing problem with time windows},
  author={Danna, Emilie and Le Pape, Claude},
  booktitle={Column generation},
  pages={99--129},
  year={2005},
  publisher={Springer}
}


@article{hoshino2011branch,
  title={A branch-and-price approach for the partition coloring problem},
  author={Hoshino, Edna A and Frota, Yuri A and De Souza, Cid C},
  journal={Operations Research Letters},
  volume={39},
  number={2},
  pages={132--137},
  year={2011},
  publisher={Elsevier}
}

@incollection{mehrotra2007branch,
  title={A branch-and-price approach for graph multi-coloring},
  author={Mehrotra, Anuj and Trick, Michael A},
  booktitle={Extending the horizons: Advances in computing, optimization, and decision technologies},
  pages={15--29},
  year={2007},
  publisher={Springer}
}

@article{archetti2014branch,
  title={A branch-and-price algorithm for the robust graph coloring problem},
  author={Archetti, Claudia and Bianchessi, Nicola and Hertz, Alain},
  journal={Discrete Applied Mathematics},
  volume={165},
  pages={49--59},
  year={2014},
  publisher={Elsevier}
}

@article{Toyoda1975,
  doi = {10.1287/mnsc.21.12.1417},
  url = {https://doi.org/10.1287/mnsc.21.12.1417},
  year  = {1975},
  month = {aug},
  publisher = {Institute for Operations Research and the Management Sciences ({INFORMS})},
  volume = {21},
  number = {12},
  pages = {1417--1427},
  author = {Yoshiaki Toyoda},
  title = {A Simplified Algorithm for Obtaining Approximate Solutions to Zero-One Programming Problems},
  journal = {Management Science}
}

@incollection{Holmberg,
  doi = {10.1007/0-306-48332-7_131},
  url = {https://doi.org/10.1007/0-306-48332-7_131},
  publisher = {Springer {US}},
  pages = {619--625},
  year  = {2001},
  author = {Kaj Holmberg},
  title = {Facility Location with Staircase Costs},
  booktitle = {Encyclopedia of Optimization}
}

@article{Loulou1979,
  doi = {10.1287/opre.27.6.1101},
  url = {https://doi.org/10.1287/opre.27.6.1101},
  year  = {1979},
  month = {dec},
  publisher = {Institute for Operations Research and the Management Sciences ({INFORMS})},
  volume = {27},
  number = {6},
  pages = {1101--1114},
  author = {Richard Loulou and Eleftherios Michaelides},
  title = {New Greedy-Like Heuristics for the Multidimensional 0-1 Knapsack Problem},
  journal = {Operations Research}
}


@article{Domschke1985,
  doi = {10.1016/0377-2217(85)90086-4},
  url = {https://doi.org/10.1016/0377-2217(85)90086-4},
  year  = {1985},
  month = {jul},
  publisher = {Elsevier {BV}},
  volume = {21},
  number = {1},
  pages = {47--53},
  author = {Wolfgang Domschke and Andreas Drexl},
  title = {{ADD}-heuristics{\textquotesingle} starting procedures for capacitated plant location models},
  journal = {European Journal of Operational Research}
}

@article{Ceschia2011,
  doi = {10.1016/j.cor.2011.01.007},
  url = {https://doi.org/10.1016/j.cor.2011.01.007},
  year  = {2011},
  month = {oct},
  publisher = {Elsevier {BV}},
  volume = {38},
  number = {10},
  pages = {1452--1463},
  author = {Sara Ceschia and Andrea Schaerf},
  title = {Local search and lower bounds for the patient admission scheduling problem},
  journal = {Computers {\&} Operations Research}
}

@article{Turhan2017,
  doi = {10.1016/j.cor.2016.11.016},
  url = {https://doi.org/10.1016/j.cor.2016.11.016},
  year  = {2017},
  month = {apr},
  publisher = {Elsevier {BV}},
  volume = {80},
  pages = {38--49},
  author = {Aykut Melih Turhan and Bilge Bilgen},
  title = {Mixed integer programming based heuristics for the Patient Admission Scheduling problem},
  journal = {Computers {\&} Operations Research}
}

@incollection{Alekseeva2010,
  doi = {10.1007/978-3-642-12139-5_2},
  url = {https://doi.org/10.1007/978-3-642-12139-5_2},
  year  = {2010},
  publisher = {Springer Berlin Heidelberg},
  pages = {11--22},
  author = {Ekaterina Alekseeva and Nina Kochetova and Yury Kochetov and Alexandr Plyasunov},
  title = {Heuristic and Exact Methods for the Discrete (r $\vert$p)-Centroid Problem},
  booktitle = {Evolutionary Computation in Combinatorial Optimization}
}

@article{Alumur2008,
  doi = {10.1016/j.ejor.2007.06.008},
  url = {https://doi.org/10.1016/j.ejor.2007.06.008},
  year  = {2008},
  month = {oct},
  publisher = {Elsevier {BV}},
  volume = {190},
  number = {1},
  pages = {1--21},
  author = {Sibel Alumur and Bahar Y. Kara},
  title = {Network hub location problems: The state of the art},
  journal = {European Journal of Operational Research}
}

@article{He2015,
  doi = {10.1016/j.omega.2015.04.016},
  url = {https://doi.org/10.1016/j.omega.2015.04.016},
  year  = {2015},
  month = {dec},
  publisher = {Elsevier {BV}},
  volume = {57},
  pages = {203--211},
  author = {Yan He and Tao Wu and Canrong Zhang and Zhe Liang},
  title = {An improved {MIP} heuristic for the intermodal hub location problem},
  journal = {Omega}
}

@article{hansknecht2018cuts,
  title={Cuts, primal heuristics, and learning to branch for the time-dependent traveling salesman problem},
  author={Hansknecht, Christoph and Joormann, Imke and Stiller, Sebastian},
  journal={arXiv preprint arXiv:1805.01415},
  year={2018}
}

@article{sadykov2018primal,
  title={Primal Heuristics for Branch-and-Price: the assets of diving methods},
  author={Sadykov, Ruslan and Vanderbeck, Fran{\c{c}}ois and Pessoa, Artur and Tahiri, Issam and Uchoa, Eduardo},
  journal={INFORMS Journal on Computing},
  year={2018}
}

@article{danna2005exploring,
  title={Exploring relaxation induced neighborhoods to improve MIP solutions},
  author={Danna, Emilie and Rothberg, Edward and Le Pape, Claude},
  journal={Mathematical Programming},
  volume={102},
  number={1},
  pages={71--90},
  year={2005},
  publisher={Springer}
}

@article{fischetti2003local,
  title={Local branching},
  author={Fischetti, Matteo and Lodi, Andrea},
  journal={Mathematical programming},
  volume={98},
  number={1-3},
  pages={23--47},
  year={2003},
  publisher={Springer}
}

@article{Yagiura2006,
  doi = {10.1016/j.ejor.2004.08.015},
  url = {https://doi.org/10.1016/j.ejor.2004.08.015},
  year  = {2006},
  month = {mar},
  publisher = {Elsevier {BV}},
  volume = {169},
  number = {2},
  pages = {548--569},
  author = {Mutsunori Yagiura and Toshihide Ibaraki and Fred Glover},
  title = {A path relinking approach with ejection chains for the generalized assignment problem},
  journal = {European Journal of Operational Research}
}

@article{Agra2014,
  doi = {10.1016/j.ejor.2013.06.042},
  url = {https://doi.org/10.1016/j.ejor.2013.06.042},
  year  = {2014},
  month = {aug},
  publisher = {Elsevier {BV}},
  volume = {236},
  number = {3},
  pages = {924--935},
  author = {Agostinho Agra and Marielle Christiansen and Alexandrino Delgado and Luidi Simonetti},
  title = {Hybrid heuristics for a short sea inventory routing problem},
  journal = {European Journal of Operational Research}
}

@article{Cacchiani2014,
  doi = {10.1016/j.dam.2012.08.032},
  url = {https://doi.org/10.1016/j.dam.2012.08.032},
  year  = {2014},
  month = {jan},
  publisher = {Elsevier {BV}},
  volume = {163},
  pages = {53--64},
  author = {V. Cacchiani and V.C. Hemmelmayr and F. Tricoire},
  title = {A set-covering based heuristic algorithm for the periodic vehicle routing problem},
  journal = {Discrete Applied Mathematics}
}

@article{Bettinelli2014,
  doi = {10.1007/s12532-014-0064-0},
  url = {https://doi.org/10.1007/s12532-014-0064-0},
  year  = {2014},
  month = {feb},
  publisher = {Springer Nature},
  volume = {6},
  number = {2},
  pages = {171--197},
  author = {Andrea Bettinelli and Alberto Ceselli and Giovanni Righini},
  title = {A branch-and-price algorithm for the multi-depot heterogeneous-fleet pickup and delivery problem with soft time windows},
  journal = {Mathematical Programming Computation}
}

@article{pinto2018column,
  title={Column generation based primal heuristics for routing and loading problems},
  author={Pinto, Telmo and Alves, Cl{\'a}udio and de Carvalho, Jos{\'e} Val{\'e}rio},
  journal={Electronic Notes in Discrete Mathematics},
  volume={64},
  pages={135--144},
  year={2018},
  publisher={Elsevier}
}


@inproceedings{buchheim2011exact,
  title={An exact algorithm for robust network design},
  author={Buchheim, Christoph and Liers, Frauke and Sanit{\`a}, Laura},
  booktitle={International Conference on Network Optimization},
  pages={7--17},
  year={2011},
  organization={Springer}
}

